@misc{kaggle:emails,
author = {Kaggle},
title = {Hillary Clinton's Emails},
year = 2016,
url = {https://www.kaggle.com/kaggle/hillary-clinton-emails},
note = {[Online; accessed 08-December-2016]}
}

@misc{wiki:PageRank,
author = {Wikipedia},
title = {PageRank --- {W}ikipedia{,}, The Free Encyclopedia},
year = 2016,
url = {https://en.wikipedia.org/wiki/PageRank#Algorithm},
note = {[Online; accessed 08-December-2016]}
}

@misc{wiki:Multiset,
author = {Wikipedia},
title = {Multiset --- {W}ikipedia{,} The Free Encyclopedia},
year = 2016,
url = {https://en.wikipedia.org/wiki/Multiset},
note = {[Online; accessed 08-December-2016]}
}

@article{willett2006porter,
title={The Porter stemming algorithm: then and now},
author={Willett, Peter},
journal={Program},
volume={40},
number={3},
pages={219--223},
year={2006},
publisher={Emerald Group Publishing Limited}
}

@article{textrank-sim-var,
title={Variations of the Similarity Function of TextRank for Automated Summarization},
author={Barrios, Federico and L{\'o}pez, Federico and Argerich, Luis and Wachenchauzer, Rosa},
journal={arXiv preprint arXiv:1602.03606},
year={2016}
}

@inproceedings{textrank,
title={TextRank: Bringing order into texts},
author={Mihalcea, Rada and Tarau, Paul},
year={2004},
organization={Association for Computational Linguistics}
}

@book{intro-prob-models-ross,
title =     {Introduction to Probability Models, Tenth Edition},
author =    {Sheldon M. Ross},
publisher = {},
isbn =      {0123756863,9780123756862,9780123756879},
year =      {2009},
series =    {},
edition =   {10},
volume =    {},
}

@article{pagerank,
title={The PageRank citation ranking: bringing order to the web.},
author={Page, Lawrence and Brin, Sergey and Motwani, Rajeev and Winograd, Terry},
year={1999},
publisher={Stanford InfoLab}
}